TSZ REFERENCES

@article{datarishi,
      author         = "Khatri, Rishi",
      title          = "{Data driven foreground clustering approach to component
                        separation in multifrequency CMB experiments: A new Planck
                        CMB map}",
      journal        = "JCAP",
      volume         = "1902",
      year           = "2019",
      pages          = "039",
      doi            = "10.1088/1475-7516/2019/02/039",
      eprint         = "1808.05224",
      archivePrefix  = "arXiv",
      primaryClass   = "astro-ph.CO",
      reportNumber   = "TIFR/TH/18-30",
      SLACcitation   = "%%CITATION = ARXIV:1808.05224;%%"
}

@article{gilc,
      author         = "Remazeilles, Mathieu and Delabrouille, Jacques and
                        Cardoso, Jean-Francois",
      title          = "{Foreground component separation with generalised ILC}",
      journal        = "Mon. Not. Roy. Astron. Soc.",
      volume         = "418",
      year           = "2011",
      pages          = "467",
      doi            = "10.1111/j.1365-2966.2011.19497.x",
      eprint         = "1103.1166",
      archivePrefix  = "arXiv",
      primaryClass   = "astro-ph.CO",
      SLACcitation   = "%%CITATION = ARXIV:1103.1166;%%"
}

@article{cmbpara,
      author         = "Eriksen, Hans Kristian and others",
      title          = "{CMB component separation by parameter estimation}",
      journal        = "Astrophys. J.",
      volume         = "641",
      year           = "2006",
      pages          = "665-682",
      doi            = "10.1086/500499",
      eprint         = "astro-ph/0508268",
      archivePrefix  = "arXiv",
      primaryClass   = "astro-ph",
      SLACcitation   = "%%CITATION = ASTRO-PH/0508268;%%"
}

@article{lilrishi, 
      author         = "Khatri, Rishi",
      title          = "{Linearized iterative least-squares (LIL): a
                        parameter-fitting algorithm for component separation in
                        multifrequency cosmic microwave background experiments
                        such as Planck}",
      journal        = "Mon. Not. Roy. Astron. Soc.",
      volume         = "451",
      year           = "2015",
      number         = "3",
      pages          = "3321-3339",
      doi            = "10.1093/mnras/stv1167",
      eprint         = "1410.7396",
      archivePrefix  = "arXiv",
      primaryClass   = "astro-ph.CO",
      SLACcitation   = "%%CITATION = ARXIV:1410.7396;%%"
}

@article{ilc,
      author         = "Eriksen, Hans Kristian and Banday, A. J. and Gorski, K.
                        M. and Lilje, P. B.",
      title          = "{Foreground removal by an internal linear combination
                        method: Limitations and implications}",
      journal        = "Astrophys. J.",
      volume         = "612",
      year           = "2004",
      pages          = "633-646",
      doi            = "10.1086/422807",
      eprint         = "astro-ph/0403098",
      archivePrefix  = "arXiv",
      primaryClass   = "astro-ph",
      SLACcitation   = "%%CITATION = ASTRO-PH/0403098;%%"
}

@article{needlet,
      author         = "Marinucci, D. and Pietrobon, D. and Balbi, A. and others",
      title          = "{Spherical Needlets for CMB Data Analysis}",
      journal        = "Mon. Not. Roy. Astron. Soc.",
      volume         = "383",
      year           = "2008",
      pages          = "539",
      doi            = "10.1111/j.1365-2966.2007.12550.x",
      eprint         = "0707.0844",
      archivePrefix  = "arXiv",
      primaryClass   = "astro-ph",
      SLACcitation   = "%%CITATION = ARXIV:0707.0844;%%"
}

@article{harmonicilc,
      author         = "Cardoso, Jean-Francois and Martin, Maude and
                        Delabrouille, Jacques and Betoule, Marc and Patanchon,
                        Guillaume",
      title          = "{Component separation with flexible models. Application
                        to the separation of astrophysical emissions}",
      year           = "2008",
      eprint         = "0803.1814",
      archivePrefix  = "arXiv",
      primaryClass   = "astro-ph",
      SLACcitation   = "%%CITATION = ARXIV:0803.1814;%%"
}

WEAK LENSING CROSS CORRELATION REFERENCES
@article{tszrcscross,
      author         = "Hojjati, Alireza and others",
      title          = "{Cross-correlating Planck tSZ with RCSLenS weak lensing:
                        Implications for cosmology and AGN feedback}",
      journal        = "Mon. Not. Roy. Astron. Soc.",
      volume         = "471",
      year           = "2017",
      number         = "2",
      pages          = "1565-1580",
      doi            = "10.1093/mnras/stx1659",
      eprint         = "1608.07581",
      archivePrefix  = "arXiv",
      primaryClass   = "astro-ph.CO",
      SLACcitation   = "%%CITATION = ARXIV:1608.07581;%%"
}
@article{halotheoryma,
      author         = "Ma, Yin-Zhe and Van Waerbeke, Ludovic and Hinshaw, Gary
                        and Hojjati, Alireza and Scott, Douglas and Zuntz, Joe",
      title          = "{Probing the diffuse baryon distribution with the
                        lensing-tSZ cross-correlation}",
      journal        = "JCAP",
      volume         = "1509",
      year           = "2015",
      number         = "09",
      pages          = "046",
      doi            = "10.1088/1475-7516/2015/9/046,
                        10.1088/1475-7516/2015/09/046",
      eprint         = "1404.4808",
      archivePrefix  = "arXiv",
      primaryClass   = "astro-ph.CO",
      SLACcitation   = "%%CITATION = ARXIV:1404.4808;%%"
}

@article{haloreview,
      author         = "Cooray, Asantha and Sheth, Ravi K.",
      title          = "{Halo Models of Large Scale Structure}",
      journal        = "Phys. Rept.",
      volume         = "372",
      year           = "2002",
      pages          = "1-129",
      doi            = "10.1016/S0370-1573(02)00276-4",
      eprint         = "astro-ph/0206508",
      archivePrefix  = "arXiv",
      primaryClass   = "astro-ph",
      reportNumber   = "FERMILAB-PUB-02-284-A",
      SLACcitation   = "%%CITATION = ASTRO-PH/0206508;%%"
}

@article{massfunctionsheth,
      author         = "Sheth, Ravi K. and Tormen, Giuseppe",
      title          = "{An Excursion Set Model of Hierarchical Clustering :
                        Ellipsoidal Collapse and the Moving Barrier}",
      journal        = "Mon. Not. Roy. Astron. Soc.",
      volume         = "329",
      year           = "2002",
      pages          = "61",
      doi            = "10.1046/j.1365-8711.2002.04950.x",
      eprint         = "astro-ph/0105113",
      archivePrefix  = "arXiv",
      primaryClass   = "astro-ph",
      reportNumber   = "FERMILAB-PUB-01-061-A",
      SLACcitation   = "%%CITATION = ASTRO-PH/0105113;%%"
}

@article{subhapaper,
      author         = "Iqbal, Asif and Majumdar, Subhabrata and Nath, Biman B.
                        and Ettori, Stefano and Eckert, Dominique and Malik,
                        Manzoor A.",
      title          = "{Excess entropy and energy feedback from within cluster
                        cores up to r$_{200}$}",
      journal        = "Mon. Not. Roy. Astron. Soc.",
      volume         = "472",
      year           = "2017",
      number         = "1",
      pages          = "713-726",
      doi            = "10.1093/mnras/stx1999",
      eprint         = "1703.00028",
      archivePrefix  = "arXiv",
      primaryClass   = "astro-ph.CO",
      SLACcitation   = "%%CITATION = ARXIV:1703.00028;%%"
}


REFERENCES FOR DATA SETS
@article{rcslens,
      author         = "Hildebrandt, H. and others",
      title          = "{RCSLenS: The Red Cluster Sequence Lensing Survey}",
      journal        = "Mon. Not. Roy. Astron. Soc.",
      volume         = "463",
      year           = "2016",
      number         = "1",
      pages          = "635-654",
      doi            = "10.1093/mnras/stw2013",
      eprint         = "1603.07722",
      archivePrefix  = "arXiv",
      primaryClass   = "astro-ph.CO",
      SLACcitation   = "%%CITATION = ARXIV:1603.07722;%%"
}

@article{plancksz,
      author         = "Aghanim, N. and others",
      title          = "{Planck 2015 results. XXII. A map of the thermal
                        Sunyaev-Zeldovich effect}",
      collaboration  = "Planck",
      journal        = "Astron. Astrophys.",
      volume         = "594",
      year           = "2016",
      pages          = "A22",
      doi            = "10.1051/0004-6361/201525826",
      eprint         = "1502.01596",
      archivePrefix  = "arXiv",
      primaryClass   = "astro-ph.CO",
      SLACcitation   = "%%CITATION = ARXIV:1502.01596;%%"
}

@article{kidsdr4,
      author         = "Kuijken, K. and others",
      title          = "{The fourth data release of the Kilo-Degree Survey: ugri
                        imaging and nine-band optical-IR photometry over 1000
                        square degrees}",
      year           = "2019",
      doi            = "10.1051/0004-6361/201834918",
      eprint         = "1902.11265",
      archivePrefix  = "arXiv",
      primaryClass   = "astro-ph.GA",
      SLACcitation   = "%%CITATION = ARXIV:1902.11265;%%"
}


REFERENCES FOR SOFTWARE PACKAGES

@misc{tensorflow, 
      title 	     = "TensorFlow: Large-Scale Machine Learning on Heterogeneous Systems",
      url   	     = {https://www.tensorflow.org/},
      note           = "Software available from tensorflow.org",
      author	     ={ Mart\'{\i}n~Abadi and Ashish~Agarwal and others},
      year           = {2015}
}

@article{scikit-learn,
      title   = {Scikit-learn: Machine Learning in {P}ython},
      author  = {Pedregosa, F. and Varoquaux, G. and Gramfort, A. and others},
      journal = {Journal of Machine Learning Research},
      volume 	= {12},
      pages 	= {2825--2830},
      year 	= {2011}
}

@article{somoclu,
   author = {Peter Wittek and Shi Gao and Ik Lim and Li Zhao},
   title = {somoclu: An Efficient Parallel Library for Self-Organizing Maps},
   journal = {Journal of Statistical Software, Articles},
   volume = {78},
   number = {9},
   year = {2017},
   keywords = {SOM; ESOM; distributed computing; parallel computing; multicore; GPU; C++; CUDA; Python; R; MATLAB},
   abstract = {somoclu is a massively parallel tool for training self-organizing maps on large data sets written in C++. It builds on OpenMP for multicore execution, and on MPI for distributing the workload across the nodes in a cluster. It is also able to boost training by using CUDA if graphics processing units are available. A sparse kernel is included, which is useful for high-dimensional but sparse data, such as the vector spaces common in text mining workflows. Python, R and MATLAB interfaces facilitate interactive use. Apart from fast execution, memory use is highly optimized, enabling training large emergent maps even on a single computer.},
   issn = {1548-7660},
   pages = {1--21},
   doi = {10.18637/jss.v078.i09},
   url = {https://www.jstatsoft.org/v078/i09}
}

@article{treecorr,
      author         = "Jarvis, Micael and Bernstein, G. and Jain, B.",
      title          = "{The skewness of the aperture mass statistic}",
      journal        = "Mon. Not. Roy. Astron. Soc.",
      volume         = "352",
      year           = "2004",
      pages          = "338-352",
      doi            = "10.1111/j.1365-2966.2004.07926.x",
      eprint         = "astro-ph/0307393",
      archivePrefix  = "arXiv",
      primaryClass   = "astro-ph",
      SLACcitation   = "%%CITATION = ASTRO-PH/0307393;%%"
}

